<record><leader>00000cas a22000007a 4500</leader><controlfield tag="001">14171546</controlfield><controlfield tag="008">860902d19051917txuwr ne      0    0eng d</controlfield><datafield ind1=" " ind2=" " tag="010"><subfield code="a">sn 86088761 </subfield></datafield><datafield ind1=" " ind2=" " tag="040"><subfield code="a">PPM</subfield><subfield code="b">eng</subfield><subfield code="c">PPM</subfield><subfield code="d">DLC</subfield><subfield code="d">CRL</subfield><subfield code="d">OCLCQ</subfield><subfield code="d">OCLCF</subfield><subfield code="d">OCLCO</subfield></datafield><datafield ind1="1" ind2=" " tag="029"><subfield code="a">AU@</subfield><subfield code="b">000025837493</subfield></datafield><datafield ind1=" " ind2=" " tag="042"><subfield code="a">msc</subfield></datafield><datafield ind1=" " ind2=" " tag="043"><subfield code="a">n-us-tx</subfield></datafield><datafield ind1=" " ind2="4" tag="050"><subfield code="a">F392.G6</subfield><subfield code="b">G64</subfield></datafield><datafield ind1="0" ind2="4" tag="245"><subfield code="a">The Goliad advance.</subfield></datafield><datafield ind1=" " ind2=" " tag="260"><subfield code="a">Goliad, Tex. :</subfield><subfield code="b">J.A. White</subfield></datafield><datafield ind1=" " ind2=" " tag="300"><subfield code="a">v.</subfield></datafield><datafield ind1=" " ind2=" " tag="310"><subfield code="a">Weekly</subfield></datafield><datafield ind1="1" ind2=" " tag="362"><subfield code="a">Began in Mar. 1905; ceased in Dec. 1916 or Jan. 1917.</subfield></datafield><datafield ind1=" " ind2=" " tag="588"><subfield code="a">Description based on: No. 11 (May 17, 1905).</subfield></datafield><datafield ind1=" " ind2=" " tag="588"><subfield code="a">Latest issue consulted: Vol. 11, no. 18 (July 29, 1914).</subfield></datafield><datafield ind1=" " ind2="0" tag="651"><subfield code="a">Goliad (Tex.)</subfield><subfield code="v">Newspapers.</subfield></datafield><datafield ind1=" " ind2="7" tag="655"><subfield code="a">Newspapers.</subfield><subfield code="2">fast</subfield><subfield code="0">(OCoLC)fst01423814</subfield></datafield><datafield ind1=" " ind2="7" tag="651"><subfield code="a">Texas</subfield><subfield code="z">Goliad.</subfield><subfield code="2">fast</subfield><subfield code="0">(OCoLC)fst01224901</subfield></datafield><datafield ind1=" " ind2=" " tag="752"><subfield code="a">United States</subfield><subfield code="b">Texas</subfield><subfield code="c">Goliad</subfield><subfield code="d">Goliad.</subfield></datafield><datafield ind1="0" ind2="7" tag="785"><subfield code="t">Goliad guard</subfield><subfield code="w">(DLC)sn 85033352</subfield><subfield code="w">(OCoLC)11900793</subfield></datafield><datafield ind1="0" ind2="7" tag="785"><subfield code="t">Goliad advance and guard</subfield><subfield code="w">(DLC)sn 83009451</subfield><subfield code="w">(OCoLC)9608000</subfield></datafield></record>